% This file was created with JabRef 2.9.2.
% Encoding: UTF-8

@CONFERENCE{hillis13,
  author = {Danny Hillis},
  title = {The Internet could crash. We need a Plan B.},
  year = {2013},
  owner = {frolle},
  timestamp = {2014.04.19}
}

